@article{fukushima1980neocognitron,
  title={Neocognitron: A self-organizing neural network model for a mechanism of pattern recognition unaffected by shift in position},
  author={Fukushima, Kunihiko},
  journal={Biological cybernetics},
  volume={36},
  number={4},
  pages={193--202},
  year={1980},
  publisher={Springer}
}

@inproceedings{glorot2011deep,
  title={Deep sparse rectifier neural networks},
  author={Glorot, Xavier and Bordes, Antoine and Bengio, Yoshua},
  booktitle={Proceedings of the fourteenth international conference on artificial intelligence and statistics},
  pages={315--323},
  year={2011}
}

@article{lecun1995convolutional,
  title={Convolutional networks for images, speech, and time series},
  author={LeCun, Yann and Bengio, Yoshua and others},
  journal={The handbook of brain theory and neural networks},
  volume={3361},
  number={10},
  pages={1995},
  year={1995}
}

@article{lecun1998gradient,
  title={Gradient-based learning applied to document recognition},
  author={LeCun, Yann and Bottou, L{\'e}on and Bengio, Yoshua and Haffner, Patrick and others},
  journal={Proceedings of the IEEE},
  volume={86},
  number={11},
  pages={2278--2324},
  year={1998},
  publisher={Taipei, Taiwan}
}

@inproceedings{scherer2010evaluation,
  title={Evaluation of pooling operations in convolutional architectures for object recognition},
  author={Scherer, Dominik and M{\"u}ller, Andreas and Behnke, Sven},
  booktitle={International conference on artificial neural networks},
  pages={92--101},
  year={2010},
  organization={Springer}
}

@article{wu2017convolutional,
  title={Convolutional neural networks},
  author={Wu, Jianxin},
  journal={Published online at https://cs. nju. edu. cn/wujx/teaching/15 CNN. pdf},
  year={2017}
}

@article{kuo2016understanding,
  title={Understanding convolutional neural networks with a mathematical model},
  author={Kuo, C-C Jay},
  journal={Journal of Visual Communication and Image Representation},
  volume={41},
  pages={406--413},
  year={2016},
  publisher={Elsevier}
}

@article{dipietro2016friendly,
  title={A friendly introduction to cross-entropy loss},
  author={DiPietro, Rob},
  journal={URL https://rdipietro. github. io/friendly-intro-to-cross-entropy-loss},
  year={2016}
}